@article{brooks91,
  title={Intelligence without representation},
  author={Brooks, R.A.},
  journal={Artificial intelligence},
  volume={47},
  number={1-3},
  pages={139--159},
  year={1991},
  publisher={Elsevier}
}

@article{dreyfus07,
  title={Why Heideggerian AI failed and how fixing it would require making it more Heideggerian},
  author={Dreyfus, H.L.},
  journal={Artificial Intelligence},
  volume={171},
  number={18},
  pages={1137--1160},
  year={2007},
  publisher={Amsterdam: North-Holland Pub. Co., 1970-}
}

% 1.C.

@book{gibson1979,
  title={The ecological approach to visual perception},
  author={Gibson, J.J.},
  year={1979},
  publisher={Lawrence Erlbaum}
}

@book{rome2008,
  title = {Towards Affordance-Based Robot Control},
  author = {Rome, E. and Hertzberg, J. and Dorffner, G.},
  volume = 4760,
  series = {Lecture Notes in Computer Science},
  publisher = {Springer},
  year = {2008}
}

% 1.E.

@article{srinivasa2009herb,
  title={HERB: A Home Exploring Robotic Butler},
  author={Srinivasa, S. and Ferguson, D. and Helfrich, C. and Berenson, D. and Collet, A. and Diankov, R. 
  and Gallagher, G. and Hollinger, G. and Kuffner, J. and VandeWeghe, M.},
  booktitle={Autonomous Robots},
  year={2009},
  note={doi:10.1007/s10514-009-9160-9} 
}

@article{metta2010icub,
  title={The iCub humanoid robot: An open-systems platform for research in cognitive development},
  author={Metta, G. and Natale, L. and Nori, F. and Sandini, G. and Vernon, D. and Fadiga, L. and Von Hofsten, C. and Rosander, K. and Lopes, M. and Santos-Victor, J. and others},
  journal={Neural Networks},
  volume={23},
  number={8-9},
  pages={1125--1134},
  year={2010},
  publisher={Elsevier}
}

% 2.B.

@article{dreyfus2002,
  title={Intelligence Without Representation--Merleau-Ponty's critique of mental representation},
  author={Dreyfus, H.L.},
  journal={Phenomenology and the Cognitive Sciences},
  volume={1},
  number={4},
  pages={367--383},
  year={2002},
  publisher={Springer}
}

@book{gibson2000,
  title={An ecological approach to perceptual learning and development},
  author={Gibson, E.J. and Pick, A.D.},
  year={2000},
  publisher={Oxford University Press, USA}
}

% 2.C.

@article{vangelder1998,
  title={The dynamical hypothesis in cognitive science},
  author={Van Gelder, T.},
  journal={Behavioral and Brain sciences},
  volume={21},
  number={5},
  pages={615--628},
  year={1998},
  publisher={Cambridge University Press}
}

@article{freeman1991,
  title={The physiology of perception},
  author={Freeman, W. J.},
  journal={Scientific American},
  volume={264},
  number={2},
  pages={78--85},
  year={1991}
}

% 2.D.

@article{kurby07,
  author =       "Christopher A. Kurby and Jeffrey M. Zacks",
  title =        "Segmentation in the perception and memory of events",
  journal =      "Trends in Cognitive Sciences",
  year =         2008,
  volume =    12,
  number =    2,
  pages =     "72--79",
  month =     "February"
}

@article{zacks07,
  author =       "Jeffrey M. Zacks and Nicole K. Speer and Khena M. Swallow and Todd S. Braver and Jeremy R. Reynolds",
  title =        "Event Perception: A Mindâ€“Brain Perspective",
  journal =      "Psychological Bulletin",
  year =         2007,
  volume =    133,
  number =    2,
  pages =     "273--293"
}

@article{nery2011,
  title={A dynamical systems approach to online event segmentation in cognitive robotics},
  author={Nery, B. and Ventura, R.},
  journal={Paladyn. Journal of Behavioral Robotics},
  volume={2},
  number={1},
  pages={18--24},
  year={2011},
  publisher={Springer}
}

% 2.E.

@article{chemero2003,
  title={An outline of a theory of affordances},
  author={Chemero, A.},
  journal={Ecological Psychology},
  volume={15},
  number={2},
  pages={181--195},
  year={2003},
  publisher={Taylor \& Francis}
}

% 3.A.

@book{todes2001,
  title={Body and World},
  author={Todes, S.},
  year={2001},
  publisher={The MIT Press}
}

@article{pierce1997,
  title={Map learning with uninterpreted sensors and effectors},
  author={Pierce, D. and Kuipers, B.J.},
  journal={Artificial Intelligence},
  volume={92},
  number={1-2},
  pages={169--227},
  year={1997},
  publisher={Elsevier}
}

@phdthesis{lemmen1997,
  title={Towards a Non-Cartesian Cognitive Science in the light of the philosophy of Merleau-Ponty},
  author={Lemmen, R.},
  year={1997},
  school={The University of Sussex}
}

% 3.B.

@inproceedings{hafner2008,
  title={Interpersonal Maps: How to Map Affordances for Interaction Behaviour},
  author={Hafner, V. V. and Kaplan, F.},
  booktitle={Towards affordance-based robot control: international seminar, Dagstuhl Castle, Germany, June 5-9, 2006; revised papers},
  volume={4760},
  pages={1--15},
  year={2008},
  organization={Springer}
}

@inproceedings{hertzberg2008,
  title={Does It Help a Robot Navigate to Call Navigability an Affordance?},
  author={Hertzberg, J. and Lingemann, K. and Lorken, C. and Nuchter, A. and Stiene, S.},
  booktitle={Towards affordance-based robot control: international seminar, Dagstuhl Castle, Germany, June 5-9, 2006; revised papers},
  volume={4760},
  pages={16--26},
  year={2008},
  organization={Springer}
}

@inproceedings{raubal2008,
  title={A Functional Model for Affordance-Based Agents},
  author={Raubal, M. and Moratz, R.},
  booktitle={Towards affordance-based robot control: international seminar, Dagstuhl Castle, Germany, June 5-9, 2006; revised papers},
  volume={4760},
  pages={91--105},
  year={2008},
  organization={Springer}
}

@inproceedings{sutton2008,
  title={Function-based reasoning for goal-oriented image segmentation},
  author={Sutton, M. A. and Stark, L.},
  booktitle={Towards affordance-based robot control: international seminar, Dagstuhl Castle, Germany, June 5-9, 2006; revised papers},
  volume={4760},
  pages={159--172},
  year={2006},
  organization={Springer}
}

@inproceedings{moratz2008,
  title={Affordance-Based Human-Robot Interaction},
  author={Moratz, R. and Tenbrink, T.},
  booktitle={Towards affordance-based robot control: international seminar, Dagstuhl Castle, Germany, June 5-9, 2006; revised papers},
  volume={4760},
  pages={63--76},
  year={2008},
  organization={Springer}
}

@inproceedings{paletta2008,
  title={Reinforcement Learning of Predictive Features in Affordance Perception},
  author={Paletta, L. and Fritz, G.},
  booktitle={Towards affordance-based robot control: international seminar, Dagstuhl Castle, Germany, June 5-9, 2006; revised papers},
  volume={4760},
  pages={77--90},
  year={2008},
  organization={Springer}
}